<record><leader>00000cas a2200000 a 4500</leader><controlfield tag="001">22342064</controlfield><controlfield tag="008">900907d19791985waumr ne      0    0eng d</controlfield><datafield ind1=" " ind2=" " tag="010"><subfield code="a">sn 90098802 </subfield></datafield><datafield ind1=" " ind2=" " tag="040"><subfield code="a">SLZ</subfield><subfield code="b">eng</subfield><subfield code="c">SLZ</subfield><subfield code="d">OCL</subfield><subfield code="d">WAU</subfield><subfield code="d">OCLCQ</subfield><subfield code="d">OCLCO</subfield><subfield code="d">OCLCA</subfield></datafield><datafield ind1=" " ind2=" " tag="019"><subfield code="a">4574004</subfield></datafield><datafield ind1="1" ind2=" " tag="029"><subfield code="a">AU@</subfield><subfield code="b">000022177340</subfield></datafield><datafield ind1=" " ind2=" " tag="042"><subfield code="a">msc</subfield></datafield><datafield ind1=" " ind2=" " tag="043"><subfield code="a">n-us-wa</subfield></datafield><datafield ind1=" " ind2=" " tag="090"><subfield code="a">F899.S46</subfield><subfield code="b">P53</subfield></datafield><datafield ind1="0" ind2="0" tag="245"><subfield code="a">Pike Place Market news.</subfield></datafield><datafield ind1=" " ind2=" " tag="260"><subfield code="a">Seattle, Wash. :</subfield><subfield code="b">Pike Place Merchants Association</subfield></datafield><datafield ind1=" " ind2=" " tag="300"><subfield code="a">7 v. :</subfield><subfield code="b">ill.</subfield></datafield><datafield ind1=" " ind2=" " tag="310"><subfield code="a">Monthly</subfield></datafield><datafield ind1="0" ind2=" " tag="362"><subfield code="a">Vol. 6, no. 8 (Aug. 1979)-v. 12, no. 7 (July 1985).</subfield></datafield><datafield ind1=" " ind2="0" tag="650"><subfield code="a">Pike Place Market (Seattle, Wash.)</subfield></datafield><datafield ind1=" " ind2="0" tag="651"><subfield code="a">Seattle (Wash.)</subfield><subfield code="v">Newspapers.</subfield></datafield><datafield ind1="2" ind2=" " tag="710"><subfield code="a">Pike Place Merchants Association.</subfield></datafield><datafield ind1=" " ind2=" " tag="752"><subfield code="a">United States</subfield><subfield code="b">Washington</subfield><subfield code="c">King</subfield><subfield code="d">Seattle.</subfield></datafield><datafield ind1="0" ind2="0" tag="780"><subfield code="t">Pike Place Market Merchants Association news</subfield><subfield code="w">(DLC)sn 90099776</subfield><subfield code="w">(OCoLC)22262343</subfield></datafield><datafield ind1="0" ind2="0" tag="785"><subfield code="t">Market news (Seattle, Wash.)</subfield><subfield code="w">(OCoLC)13767964</subfield></datafield></record>